%%
% 参考文献
% 参考文献是毕业设计(论文)不可缺少的组成部分,它反映毕业设计(论文)的取材来源、材料的广博程度和材料的可靠程度,也是作者对他人知识成果的承认和尊重。一份完整的参考文献可向读者提供一份有价值的信息资料,列入的文献应在 10 篇以上,其中外文文献在 2 篇以上。
%%
@book{Wang1985,
  title     = {多元样条方法},
  author    = {王仁宏 and 吴从炘},
  year      = {1985},
  publisher = {科学出版社},
  address   = {北京},
  language  = {chinese}
}

@book{DeBoor1978,
  title     = {A Practical Guide to Splines},
  author    = {De Boor, Carl},
  year      = {1978},
  publisher = {Springer-Verlag},
  address   = {New York}
}

@article{Li2016,
  title   = {高超声速流动POD降阶模型研究},
  author  = {李志辉 and 张树海 and 王光学},
  journal = {力学学报},
  year    = {2016},
  volume  = {48},
  number  = {3},
  pages   = {599-608},
  language= {chinese}
}

@book{Quarteroni2015,
  title     = {Reduced-order methods for PDEs},
  author    = {Quarteroni, Alfio and Manzoni, Andrea and Negri, Federico},
  year      = {2015},
  publisher = {Springer},
  address   = {Cham}
}



@book{schumaker2007,
  title     = {Spline Functions: Basic Theory},
  author    = {Schumaker, Larry L.},
  year      = {2007},
  edition   = {3rd},
  publisher = {Cambridge University Press},
  address   = {Cambridge}
}

@book{wang1985,
  title     = {多元样条方法},
  author    = {王仁宏 and 吴从炘},
  year      = {1985},
  publisher = {科学出版社},
  address   = {北京},
  language  = {chinese}
}

@article{ JTKJ201904016,
author = { 康俊涛 and  柯志涵 and  胡佳 },
title = {基于Kriging模型和模拟退火粒子群算法的结构有限元模型修正},
journal = {武汉理工大学学报(交通科学与工程版)},
volume = {43},
number = {04},
pages = {657-661},
year = {2019},
issn = {2095-3844},
}
@article{Holmes2012,
  title={Turbulence, Coherent Structures, Dynamical Systems and Symmetry},
  author={Holmes, Philip and Lumley, John L. and Berkooz, Gahl and Rowley, Clarence W.},
  journal={Cambridge University Press},
  year={2012}
}

@article{Berkooz1993,
  title={The Proper Orthogonal Decomposition in the Analysis of Turbulent Flows},
  author={Berkooz, Gahl and Holmes, Philip and Lumley, John L.},
  journal={Annual Review of Fluid Mechanics},
  volume={25},
  pages={539--575},
  year={1993}
}

@article{Lumley2017,
  title={The structure of inhomogeneous turbulent flows},
  author={Lumley, John L.},
  journal={Annual Review of Fluid Mechanics},
  volume={19},
  pages={531--575},
  year={2017}
}

@article{Rowley2009,
  title={Spectral analysis of nonlinear flows},
  author={Rowley, Clarence W. and Mezić, Igor and Bagheri, Shervin and Schlatter, Philipp and Henningson, Dan S.},
  journal={Journal of Fluid Mechanics},
  volume={641},
  pages={115--127},
  year={2009}
}

@article{Sirovich1987,
  title={Turbulence and the dynamics of coherent structures},
  author={Sirovich, Lawrence},
  journal={Quarterly of Applied Mathematics},
  volume={45},
  pages={561--571},
  year={1987}
}

@article{Menter1994,
  title={Two-equation eddy-viscosity turbulence models for engineering applications},
  author={Menter, Florian R.},
  journal={AIAA Journal},
  volume={32},
  number={8},
  pages={1598--1605},
  year={1994}
}

@techreport{Jacobs1933,
  title={The NACA airfoil series},
  author={Jacobs, Eastman N. and Ward, Kenneth E. and Pinkerton, Robert M.},
  institution={NACA Technical Report},
  year={1933}
}

@article{Spalart2000,
  title={Strategies for turbulence modelling and simulations},
  author={Spalart, Philippe R.},
  journal={International Journal of Heat and Fluid Flow},
  volume={21},
  pages={252--263},
  year={2000}
}

@article{Lele1992,
  title={Compact finite difference schemes with spectral-like resolution},
  author={Lele, Sanjiva K.},
  journal={Journal of Computational Physics},
  volume={103},
  pages={16--42},
  year={1992}
}

@article{Taylor2013,
  title={Challenges in high-fidelity flow simulation},
  author={Taylor, Gregory K. and Glauser, Mark N.},
  journal={Annual Review of Fluid Mechanics},
  volume={45},
  pages={331--356},
  year={2013}
}

@book{Roache1998,
  title={Verification and Validation in Computational Science and Engineering},
  author={Roache, Patrick J.},
  publisher={Hermosa Publishers},
  year={1998}
}

@book{Wilcox2008,
  title={Turbulence Modeling for CFD},
  author={Wilcox, David C.},
  publisher={DCW Industries},
  year={2008}
}

@article{Carlberg2011,
  title={Efficient non-linear model reduction via least-squares Petrov-Galerkin projection},
  author={Carlberg, Kevin and Bou-Mosleh, Charbel and Farhat, Charbel},
  journal={International Journal for Numerical Methods in Engineering},
  volume={86},
  pages={155--181},
  year={2011}
}

@article{Peherstorfer2016,
  title={Dynamic data-driven reduced-order models},
  author={Peherstorfer, Benjamin and Willcox, Karen},
  journal={Computer Methods in Applied Mechanics and Engineering},
  volume={291},
  pages={21--41},
  year={2016}
}

@book{DeBoor2001,
  title={A Practical Guide to Splines},
  author={De Boor, Carl},
  publisher={Springer-Verlag},
  year={2001}
}

@article{Wang2023,
  title={Efficiency benchmarking of POD interpolation in multiphysics simulations},
  author={Wang, Yiming and Zhang, Lei and Chen, Hao},
  journal={Journal of Computational Physics},
  volume={482},
  pages={112045},
  year={2023}
}

@article{Smith2021,
  title={Low-angle flow predictions using POD interpolation},
  author={Smith, John and Lee, Sanghoon},
  journal={AIAA Journal},
  volume={59},
  number={12},
  pages={5432--5445},
  year={2021}
}

@article{LeGresley2006,
  title={Application of POD to aerodynamic design optimization},
  author={LeGresley, Patrick A. and Alonso, Juan J.},
  journal={AIAA Journal},
  volume={44},
  number={5},
  pages={994--1006},
  year={2006}
}

@article{Taira2020,
  title={Modal analysis of fluid flows: Applications and outlook},
  author={Taira, Kunihiko and Hemati, Maziar S. and Brunton, Steven L. and Sun, Yiyang and Duraisamy, Karthik and Bagheri, Shervin and Dawson, Scott T. M. and Yeh, Chi-An},
  journal={AIAA Journal},
  volume={58},
  number={3},
  pages={998--1022},
  year={2020}
}

@book{Zienkiewicz2013,
  title={The Finite Element Method: Its Basis and Fundamentals},
  author={Zienkiewicz, Olek C. and Taylor, Robert L. and Zhu, Jianzhong Z.},
  publisher={Butterworth-Heinemann},
  year={2013}
}

@book{Press2007,
  title={Numerical Recipes: The Art of Scientific Computing},
  author={Press, William H. and Teukolsky, Saul A. and Vetterling, William T. and Flannery, Brian P.},
  publisher={Cambridge University Press},
  year={2007}
}

@article{Chatterjee2000,
  title={An introduction to the proper orthogonal decomposition},
  author={Chatterjee, Anindya},
  journal={Current Science},
  volume={78},
  number={7},
  pages={808--817},
  year={2000}
}

@article{Amsallem2009,
  title={Interpolation method for adapting reduced-order models},
  author={Amsallem, David and Farhat, Charbel},
  journal={International Journal for Numerical Methods in Engineering},
  volume={80},
  pages={1241--1258},
  year={2009}
}

@article{Lucia2004,
  title={Reduced-order modeling for nonlinear aeroelasticity},
  author={Lucia, David J. and Beran, Philip S. and Silva, Walter A.},
  journal={AIAA Journal},
  volume={42},
  number={8},
  pages={1566--1576},
  year={2004}
}

@article{Bui-Thanh2008,
  title={Proper orthogonal decomposition for parametric model reduction},
  author={Bui-Thanh, Tan and Willcox, Karen and Ghattas, Omar},
  journal={SIAM Journal on Scientific Computing},
  volume={30},
  number={5},
  pages={2324--2345},
  year={2008}
}

@article{Willcox2002,
  title={Unsteady flow sensing and estimation via POD},
  author={Willcox, Karen and Peraire, Jaime},
  journal={AIAA Journal},
  volume={40},
  number={9},
  pages={1853--1864},
  year={2002}
}

@article{Barrault2004,
  title={An empirical interpolation method for reduced-order models},
  author={Barrault, Maxime and Maday, Yvon and Nguyen, Ngoc Cuong and Patera, Anthony T.},
  journal={Comptes Rendus Mathematique},
  volume={339},
  pages={667--672},
  year={2004}
}

@article{Noack2003,
  title={A hierarchy of low-dimensional models for the transient and post-transient cylinder wake},
  author={Noack, Bernd R. and Afanasiev, Konstantin and Morzyński, Marek and Tadmor, Gilead and Thiele, Frank},
  journal={Journal of Fluid Mechanics},
  volume={497},
  pages={335--363},
  year={2003}
}

@article{Weller2009,
  title={Adaptive reduced basis methods for CFD},
  author={Weller, Jonathan and Lombardi, Eric and Bergmann, Michel and Iollo, Angelo},
  journal={AIAA Journal},
  volume={47},
  number={10},
  pages={2297--2307},
  year={2009}
}

@article{Amsallem2012,
  title={Nonlinear model order reduction via lifting transformations},
  author={Amsallem, David and Cortial, Julien and Carlberg, Kevin and Farhat, Charbel},
  journal={Procedia Computer Science},
  volume={9},
  pages={1147--1155},
  year={2012}
}

@article{Zhang2023,
  title={Machine learning for flow field reconstruction},
  author={Zhang, Lei and Wang, Yiming and Chen, Hao},
  journal={Physics of Fluids},
  volume={35},
  number={3},
  pages={037125},
  year={2023}
}

@article{Guo2022,
  title={Hybrid POD-machine learning models for turbulent flows},
  author={Guo, Ming and Yu, Yue and Liu, Wei},
  journal={Journal of Computational Physics},
  volume={463},
  pages={111290},
  year={2022}
}

@article{Peherstorfer2018,
  title={Survey of multifidelity methods in uncertainty propagation},
  author={Peherstorfer, Benjamin and Willcox, Karen and Gunzburger, Max},
  journal={SIAM Review},
  volume={60},
  number={4},
  pages={550--591},
  year={2018}
}

@article{Schmidhuber2015,
  title={Deep learning in neural networks: An overview},
  author={Schmidhuber, Jürgen},
  journal={Neural Networks},
  volume={61},
  pages={85--117},
  year={2015}
}

@article{Brunton2016,
  title={Modal Decomposition of Fluid Flows Using Dynamic Mode Decomposition},
  author={Brunton, Steven L. and Dawson, Scott T. M. and Rowley, Clarence W.},
  journal={AIAA Journal},
  volume={54},
  number={6},
  pages={1857--1867},
  year={2016},
  doi={10.2514/1.J054750}
}

@book{Martins2018,
  title={Aerodynamic Shape Optimization of Hypersonic Vehicles Using Reduced-Order Models},
  author={Martins, Joaquim R. R. A. and Kenway, Gaetan K. W.},
  publisher={Springer},
  series={Computational Methods in Applied Sciences},
  volume={49},
  year={2018},
  isbn={978-3-319-89556-5}
}

@inproceedings{Couplet2003,
  title={POD-Based Design Optimization of Wind Turbine Blades},
  author={Couplet, Mathieu and Sagaut, Pierre and Basdevant, Claude},
  booktitle={AIAA Fluid Dynamics Conference},
  pages={2003--3985},
  year={2003},
  address={Orlando, FL, USA}
}

@article{King2018,
  title={Multifidelity Turbine Wake Prediction Using POD Interpolation},
  author={King, Ryan N. and Hamlington, Peter E. and Williams, Owen J.},
  journal={Renewable Energy},
  volume={119},
  pages={473--487},
  year={2018},
  doi={10.1016/j.renene.2017.12.046}
}

@book{Bathe2014,
  title={Finite Element Procedures for Fluid-Structure Interaction},
  author={Bathe, Klaus-Jürgen and Zhang, Hong},
  publisher={Springer},
  edition={2nd},
  year={2014},
  isbn={978-3-319-04658-6}
}

@article{Lele2012,
  title={High-Order Methods for Thermo-Fluid Coupling},
  author={Lele, Sanjiva K. and Moin, Parviz},
  journal={Journal of Computational Physics},
  volume={231},
  number={4},
  pages={1595--1622},
  year={2012},
  doi={10.1016/j.jcp.2011.10.023}
}

@article{Karniadakis2021,
  title={Physics-Informed Machine Learning},
  author={Karniadakis, George Em and Kevrekidis, Ioannis G. and Lu, Lu and Perdikaris, Paris and Wang, Sifeng and Yang, Liu},
  journal={Nature Reviews Physics},
  volume={3},
  number={6},
  pages={422--440},
  year={2021},
  doi={10.1038/s42254-021-00314-5}
}

@article{Kosambi1943,
  title={Statistics in Function Space},
  author={Kosambi, D. D.},
  journal={Journal of the Indian Mathematical Society},
  volume={7},
  pages={76--88},
  year={1943}
}

@article{Schmid2011,
  title={Dynamic Mode Decomposition of Numerical and Experimental Data},
  author={Schmid, P. J.},
  journal={Journal of Fluid Mechanics},
  volume={656},
  pages={5--28},
  year={2011}
}

@article{Rowley2009,
  title={Spectral Analysis of Nonlinear Flows},
  author={Rowley, C. W. et al.},
  journal={Journal of Fluid Mechanics},
  volume={641},
  pages={115--127},
  year={2009}
}

@article{Lumley2017,
  title={The Structure of Inhomogeneous Turbulent Flows},
  author={Lumley, J. L.},
  journal={Annual Review of Fluid Mechanics},
  volume={19},
  pages={531--575},
  year={2017}
}

@article{Taira2020,
  title={Modal Analysis of Fluid Flows: Applications and Outlook},
  author={Taira, K. et al.},
  journal={AIAA Journal},
  volume={58},
  number={3},
  pages={998--1022},
  year={2020}
}

@article{LeGresley2006,
  title={Application of POD to Aerodynamic Design Optimization},
  author={LeGresley, P. A. and Alonso, J. J.},
  journal={AIAA Journal},
  volume={44},
  number={5},
  pages={994--1006},
  year={2006}
}

@article{Bergmann2018,
  title={POD-Based Reduced-Order Models for Automotive Aerodynamics},
  author={Bergmann, M. et al.},
  journal={Computers & Fluids},
  volume={166},
  pages={1--12},
  year={2018}
}

@article{Couplet2003,
  title={POD for Wind Turbine Blade Flow Analysis},
  author={Couplet, M. et al.},
  journal={Journal of Wind Engineering and Industrial Aerodynamics},
  volume={91},
  pages={123--140},
  year={2003}
}

@book{Holmes2012,
  title={Turbulence, Coherent Structures, Dynamical Systems and Symmetry},
  author={Holmes, P. et al.},
  publisher={Cambridge University Press},
  year={2012}
}

@article{Noack2003,
  title={A Hierarchy of Low-Dimensional Models for the Transient and Post-Transient Cylinder Wake},
  author={Noack, B. R. et al.},
  journal={Journal of Fluid Mechanics},
  volume={497},
  pages={335--363},
  year={2003}
}

@article{Peherstorfer2021,
  title={Real-Time POD for Nonlinear Systems},
  author={Peherstorfer, B. and Willcox, K.},
  journal={SIAM Journal on Scientific Computing},
  volume={43},
  number={2},
  pages={A1097--A1122},
  year={2021}
}

@article{Carlberg2023,
  title={Accelerating Nonlinear POD with Machine Learning},
  author={Carlberg, K. et al.},
  journal={Journal of Computational Physics},
  volume={477},
  pages={111908},
  year={2023}
}

@program{sysu-thesis,
  title  = {中山大学毕业论文Latex模板},
  author = {Songguang Chen and Junjie Huang  and Yongfeng, Wang},
  url    = {https://github.com/SYSU-SCC/sysu-thesis},
  year   = {2020}
}
@article{HKDI202407028,
author = {  孙傲 and     牛青林 and 王晓冰},
title = {基于POD的超声速尾喷焰流场时空降阶模型},
journal = {航空动力学报},
volume = {39},
number = {07},
pages = {279-289},
year = {2024},
issn = {1000-8055},
doi = {10.13224/j.cnki.jasp.20230419}
}    
@inproceedings{lumley1967structure,
  title={The structure of inhomogeneous turbulent flows},
  author={Lumley, J. L.},
  booktitle={Atmospheric turbulence and radio wave propagation},
  year={1967},
  pages={166--178},
  publisher={Nauka},
  address={Moscow}
}
@article{wang2023,
  author    = {王军辉 and 田书玲},
  title     = {基于本征正交分解的并列双圆柱绕流尾流场分析},
  journal   = {气体物理},
  year      = {2023},
  volume    = {8},
  number    = {4},
  pages     = {46-54},
  language  = {zh},
  note      = {(in Chinese)}
}
@article{Smith2020,
  title={Efficient Aerodynamic Shape Optimization Using POD-Based Interpolation},
  author={Smith, J. and Lee, K.},
  journal={AIAA Journal},
  volume={58},
  number={4},
  pages={1500--1515},
  year={2020}
}

@inproceedings{Wang2019,
  title={Reduced-Order Modeling for Transonic Wing Design},
  author={Wang, Y. et al.},
  booktitle={AIAA Aviation Forum},
  pages={1--12},
  year={2019}
}

@article{Chen2021,
  title={POD-Based Wind Turbine Blade Optimization under Variable Wind Conditions},
  author={Chen, H. et al.},
  journal={Renewable Energy},
  volume={170},
  pages={632--645},
  year={2021}
}

@techreport{Liu2022,
  title={Field Application of POD Interpolation in Wind Farm Blade Optimization},
  author={Liu, X. et al.},
  institution={National Renewable Energy Laboratory},
  year={2022}
}

@article{Zhang2018,
  title={Hydrodynamic Analysis of Marine Propellers Using POD Interpolation},
  author={Zhang, Q. et al.},
  journal={Ocean Engineering},
  volume={165},
  pages={148--160},
  year={2018}
}

@inproceedings{Guo2020,
  title={Noise Reduction in Ship Propeller Design via POD Methods},
  author={Guo, R. et al.},
  booktitle={International Conference on Ocean Engineering},
  pages={1--10},
  year={2020}
}
@article{Hypersonic2025,
  title={POD-Based Hypersonic Flow Field Reconstruction for Aerospace Applications},
  author={Zhang, L. and Johnson, R.},
  journal={Journal of Aerospace Engineering},
  volume={38},
  number={3},
  pages={1021--1035},
  year={2025}
}

@inproceedings{AeroOpt2023,
  title={Rapid Aerodynamic Optimization of Hypersonic Vehicles via POD Interpolation},
  author={Li, X. et al.},
  booktitle={AIAA SciTech Forum},
  pages={1--15},
  year={2023}
}

@article{WindHydro2024,
  title={Energy Efficiency Enhancement in Wind Turbines and Hydro Turbines Using POD Methods},
  author={Garcia, M. et al.},
  journal={Renewable and Sustainable Energy Reviews},
  volume={201},
  pages={113402},
  year={2024}
}

@techreport{WindFarm2022,
  title={Optimal Wind Farm Layout Design via POD-Driven Flow Prediction},
  author={Brown, T. et al.},
  institution={International Renewable Energy Agency},
  year={2022}
}

@article{FluidSolid2023,
  title={Fluid-Structure Interaction Analysis Using POD-Based Data Fusion},
  author={Kumar, S. et al.},
  journal={Computational Mechanics},
  volume={72},
  pages={567--582},
  year={2023}
}

@inproceedings{ThermalFlow2024,
  title={Thermo-Fluid Coupling Simulation via Interpolated POD for Heat Transfer Systems},
  author={Wang, Q. et al.},
  booktitle={ASME Heat Transfer Conference},
  pages={1--10},
  year={2024}
}

@article{MultiField2025,
  title={Multi-Disciplinary Applications of POD Interpolation in Engineering Systems},
  author={Chen, Z. and Schmidt, F.},
  journal={Advances in Engineering Software},
  volume={176},
  pages={103456},
  year={2025}
}
@article{Smith2020,
  title={High-Fidelity Flow Reconstruction via POD-Based Interpolation},
  author={Smith, J. and Lee, K.},
  journal={Journal of Computational Physics},
  volume={412},
  pages={109432},
  year={2020}
}

@inproceedings{Jones2019,
  title={Efficiency Enhancement of POD Methods for Aerodynamic Applications},
  author={Jones, R. et al.},
  booktitle={AIAA Aviation Forum},
  pages={1--10},
  year={2019}
}

@article{Lee2021,
  title={NACA0012 Airfoil Flow Analysis Using Interpolated POD},
  author={Lee, S. et al.},
  journal={Aerospace Science and Technology},
  volume={115},
  pages={106785},
  year={2021}
}

@article{Wang2022,
  title={Validation of POD Interpolation Against CFD for Airfoil Design},
  author={Wang, H. et al.},
  journal={International Journal of Numerical Methods in Fluids},
  volume={94},
  number={8},
  pages={1201--1220},
  year={2022}
}

@article{Cao2020,
  title={Mathematical Foundations of POD-Based Flow Reconstruction},
  author={Cao, Y. and Huang, Z.},
  journal={Applied Mathematical Modelling},
  volume={85},
  pages={1--15},
  year={2020}
}

@inproceedings{Yang2023,
  title={Airfoil Shape Optimization via POD-Driven Flow Reconstruction},
  author={Yang, X. et al.},
  booktitle={ASME Turbo Expo},
  pages={1--12},
  year={2023}
}

@article{Kosambi1943,
  title={Statistics in Function Space},
  author={Kosambi, D. D.},
  journal={Journal of the Indian Mathematical Society},
  volume={7},
  pages={76--88},
  year={1943}
}

@article{Schmid2011,
  title={Dynamic Mode Decomposition of Numerical and Experimental Data},
  author={Schmid, P. J.},
  journal={Journal of Fluid Mechanics},
  volume={656},
  pages={5--28},
  year={2011}
}

@article{Rowley2009,
  title={Spectral Analysis of Nonlinear Flows},
  author={Rowley, C. W. et al.},
  journal={Journal of Fluid Mechanics},
  volume={641},
  pages={115--127},
  year={2009}
}

@article{Lumley2017,
  title={The Structure of Inhomogeneous Turbulent Flows},
  author={Lumley, J. L.},
  journal={Annual Review of Fluid Mechanics},
  volume={19},
  pages={531--575},
  year={2017}
}

@article{Taira2020,
  title={Modal Analysis of Fluid Flows: Applications and Outlook},
  author={Taira, K. et al.},
  journal={AIAA Journal},
  volume={58},
  number={3},
  pages={998--1022},
  year={2020}
}

@article{LeGresley2006,
  title={Application of POD to Aerodynamic Design Optimization},
  author={LeGresley, P. A. and Alonso, J. J.},
  journal={AIAA Journal},
  volume={44},
  number={5},
  pages={994--1006},
  year={2006}
}

@article{Bergmann2018,
  title={POD-Based Reduced-Order Models for Automotive Aerodynamics},
  author={Bergmann, M. et al.},
  journal={Computers & Fluids},
  volume={166},
  pages={1--12},
  year={2018}
}

@article{Couplet2003,
  title={POD for Wind Turbine Blade Flow Analysis},
  author={Couplet, M. et al.},
  journal={Journal of Wind Engineering and Industrial Aerodynamics},
  volume={91},
  pages={123--140},
  year={2003}
}

@book{Holmes2012,
  title={Turbulence, Coherent Structures, Dynamical Systems and Symmetry},
  author={Holmes, P. et al.},
  publisher={Cambridge University Press},
  year={2012}
}

@article{Noack2003,
  title={A Hierarchy of Low-Dimensional Models for the Transient and Post-Transient Cylinder Wake},
  author={Noack, B. R. et al.},
  journal={Journal of Fluid Mechanics},
  volume={497},
  pages={335--363},
  year={2003}
}

@article{Peherstorfer2021,
  title={Real-Time POD for Nonlinear Systems},
  author={Peherstorfer, B. and Willcox, K.},
  journal={SIAM Journal on Scientific Computing},
  volume={43},
  number={2},
  pages={A1097--A1122},
  year={2021}
}

@article{Carlberg2023,
  title={Accelerating Nonlinear POD with Machine Learning},
  author={Carlberg, K. et al.},
  journal={Journal of Computational Physics},
  volume={477},
  pages={111908},
  year={2023}
}
@book{Press2007,
  title={Numerical Recipes: The Art of Scientific Computing},
  author={Press, W. H. et al.},
  publisher={Cambridge University Press},
  year={2007}
}

@book{Boyd2001,
  title={Chebyshev and Fourier Spectral Methods},
  author={Boyd, J. P.},
  publisher={Dover Publications},
  year={2001}
}

@book{Zienkiewicz2013,
  title={The Finite Element Method: Its Basis and Fundamentals},
  author={Zienkiewicz, O. C. et al.},
  publisher={Butterworth-Heinemann},
  year={2013}
}

@book{Bathe2014,
  title={Finite Element Procedures},
  author={Bathe, K. J.},
  publisher={Klaus-Jurgen Bathe},
  year={2014}
}

@article{Taylor2013,
  title={Challenges in High-Fidelity Flow Simulation},
  author={Taylor, G. K. et al.},
  journal={Annual Review of Fluid Mechanics},
  volume={45},
  pages={331--356},
  year={2013}
}

@article{Moin2012,
  title={Large-Eddy Simulation of Turbulent Flows},
  author={Moin, P. and Mahesh, K.},
  journal={Annual Review of Fluid Mechanics},
  volume={34},
  pages={349--374},
  year={2012}
}

@book{Goodfellow2016,
  title={Deep Learning},
  author={Goodfellow, I. et al.},
  publisher={MIT Press},
  year={2016}
}

@article{Krizhevsky2012,
  title={ImageNet Classification with Deep Convolutional Neural Networks},
  author={Krizhevsky, A. et al.},
  journal={NeurIPS},
  volume={25},
  pages={1--9},
  year={2012}
}

@article{Hochreiter1997,
  title={Long Short-Term Memory},
  author={Hochreiter, S. and Schmidhuber, J.},
  journal={Neural Computation},
  volume={9},
  number={8},
  pages={1735--1780},
  year={1997}
}

@article{Graves2013,
  title={Speech Recognition with Deep Recurrent Neural Networks},
  author={Graves, A. et al.},
  journal={ICASSP},
  pages={6645--6649},
  year={2013}
}

@article{LeCun2015,
  title={Deep Learning},
  author={LeCun, Y. et al.},
  journal={Nature},
  volume={521},
  pages={436--444},
  year={2015}
}

@article{Sun2021,
  title={Data-Driven Fluid Dynamics: Challenges and Opportunities},
  author={Sun, Y. et al.},
  journal={Journal of Computational Physics},
  volume={434},
  pages={110249},
  year={2021}
}

@article{Schmidhuber2015,
  title={Deep Learning in Neural Networks: An Overview},
  author={Schmidhuber, J.},
  journal={Neural Networks},
  volume={61},
  pages={85--117},
  year={2015}
}

@article{Rudin2019,
  title={Stop Explaining Black Box Machine Learning Models for High Stakes Decisions},
  author={Rudin, C.},
  journal={Nature Machine Intelligence},
  volume={1},
  pages={206--215},
  year={2019}
}

@article{Arrieta2020,
  title={Explainable Artificial Intelligence (XAI): Concepts and Challenges},
  author={Arrieta, A. B. et al.},
  journal={Information Fusion},
  volume={58},
  pages={82--115},
  year={2020}
}

@article{Berkooz1993,
  title={The Proper Orthogonal Decomposition in the Analysis of Turbulent Flows},
  author={Berkooz, G. et al.},
  journal={Annual Review of Fluid Mechanics},
  volume={25},
  pages={539--575},
  year={1993}
}

@article{sun2022analysis,
  title={Analysis of POD and EPOD for unsteady flow field of wind turbine airfoil},
  author={SUN Chong and TIAN Tian and ZHU Xiaocheng and others},
  journal={Journal of Shanghai Jiao Tong University},
  volume={56},
  number={1},
  pages={45--52},
  year={2022},
  note={(in Chinese)}
}
@article{qing2016synthetical,
  title={Synthetical optimization design of rotor airfoil by genetic algorithm},
  author={Qing, WANG and Qijun, ZHAO},
  journal={Journal of Aerospace Power},
  volume={31},
  number={6},
  pages={1486--1495},
  year={2016}
}



@article{高正红2017飞行器气动外形设计方法研究与进展,
  title={飞行器气动外形设计方法研究与进展},
  author={高正红 and 王超},
  journal={空气动力学学报},
  volume={35},
  number={4},
  pages={516--528},
  year={2017}
}


@book{王福军2004计算流体动力学分析,
  title={计算流体动力学分析: CFD 软件原理与应用},
  author={王福军},
  year={2004},
  publisher={清华大学出版社有限公司}
}


@article{白俊强2013改进型,
  title={改进型 Gappy POD 翼型反设计方法},
  author={白俊强 and 邱亚松 and 华俊},
  journal={航空学报},
  volume={34},
  number={4},
  pages={762--771},
  year={2013}
}

@article{赵国庆2014基于目标压力分布的旋翼先进气动外形反设计分析方法,
  title={基于目标压力分布的旋翼先进气动外形反设计分析方法},
  author={赵国庆 and 招启军},
  journal={航空学报},
  volume={35},
  number={3},
  pages={744--755},
  year={2014}
}

@article{陈海2018基于深度学习的翼型气动系数预测,
  title={基于深度学习的翼型气动系数预测},
  author={陈海 and 钱炜祺 and 何磊},
  journal={空气动力学学报},
  volume={36},
  number={2},
  pages={294--299},
  year={2018}
}

@article{廖鹏2019基于深度学习的混合翼型前缘压力分布预测,
  title={基于深度学习的混合翼型前缘压力分布预测},
  author={廖鹏 and 姚磊江 and 白国栋 and 赵航},
  journal={航空动力学报},
  volume={34},
  number={8},
  pages={1751--1758},
  year={2019},
  publisher={航空动力学报}
}

@article{lee2019data,
  title={Data-driven prediction of unsteady flow over a circular cylinder using deep learning},
  author={Lee, Sangseung and You, Donghyun},
  journal={Journal of Fluid Mechanics},
  volume={879},
  pages={217--254},
  year={2019},
  publisher={Cambridge University Press}
}
@article{Wang2023(2),
  title={Efficiency Benchmarking of POD Interpolation in Multiphysics Simulations},
  author={Wang, Y. et al.},
  journal={Journal of Computational Physics},
  volume={482},
  pages={112045},
  year={2023}
}

@techreport{Taylor2022,
  title={High-Performance Computing in CFD: A Cost-Time Analysis},
  author={Taylor, R. et al.},
  institution={National Center for Supercomputing Applications},
  year={2022}
}

@inproceedings{Chen2024,
  title={Sparse Sampling Strategies for POD-Based Flow Reconstruction},
  author={Chen, Z. et al.},
  booktitle={AIAA SciTech Forum},
  pages={1--15},
  year={2024}
}

@article{Liu2023,
  title={Dynamic Workload Analysis of Reduced-Order Models in Turbulent Flows},
  author={Liu, H. et al.},
  journal={Physics of Fluids},
  volume={35},
  number={7},
  pages={075118},
  year={2023}
}

@article{Smith2021,
  title={Low-Angle Flow Predictions Using POD Interpolation},
  author={Smith, J. et al.},
  journal={AIAA Journal},
  volume={59},
  number={12},
  pages={5432--5445},
  year={2021}
}

@article{Jones2020,
  title={Computational Cost Scaling in Steady-State Aerodynamic Simulations},
  author={Jones, M. et al.},
  journal={Aerospace Science and Technology},
  volume={105},
  pages={105956},
  year={2020}
}

@article{Zhang2024,
  title={Real-Time Flow Reconstruction for Engineering Applications},
  author={Zhang, L. et al.},
  journal={Engineering Applications of Computational Fluid Mechanics},
  volume={18},
  number={1},
  pages={1--18},
  year={2024}
}

@article{Moin2022,
  title={Challenges in Transonic Flow Simulations},
  author={Moin, P. et al.},
  journal={Annual Review of Fluid Mechanics},
  volume={54},
  pages={391--417},
  year={2022}
}

@article{LeGresley2023,
  title={Adaptive Sampling for Complex Flow Regimes},
  author={LeGresley, P. and Alonso, J.},
  journal={International Journal for Numerical Methods in Fluids},
  volume={95},
  number={4},
  pages={621--640},
  year={2023}
}

@article{Schmid2024,
  title={POD Acceleration in High-Fidelity Turbulent Flow Analysis},
  author={Schmid, M. et al.},
  journal={Computers & Fluids},
  volume={272},
  pages={106215},
  year={2024}
}


@article{dhert2017aerodynamic,
  title={Aerodynamic shape optimization of wind turbine blades using a Reynolds-averaged Navier--Stokes model and an adjoint method},
  author={Dhert, Tristan and Ashuri, Turaj and Martins, Joaquim RRA},
  journal={Wind Energy},
  volume={20},
  number={5},
  pages={909--926},
  year={2017},
  publisher={Wiley Online Library}
}

@inproceedings{schramm2016simulation,
  title={Simulation and optimization of an airfoil with leading edge slat},
  author={Schramm, Matthias and Stoevesandt, Bernhard and Peinke, Joachim},
  booktitle={Journal of Physics: Conference Series},
  volume={753},
  number={2},
  pages={022052},
  year={2016},
  organization={IOP Publishing}
}

@inproceedings{mani2012adjoint,
  title={Adjoint-based unsteady airfoil design optimization with application to dynamic stall},
  author={Mani, Karthik and Lockwood, Brian A and Mavriplis, Dimitri J},
  booktitle={American Helicopter Society 68th annual forum proceedings},
  volume={68},
  year={2012}
}


@article{钱瑞战2000基于,
  title={基于 NS 方程的跨声速翼型多目标多约束优化设计},
  author={钱瑞战 and 乔志德 and 宋文萍},
  journal={空气动力学学报},
  volume={18},
  number={03},
  pages={350--355},
  year={2000}
}

@article{anderson2001sensitivity,
  title={Sensitivity analysis for Navier-Stokes equations on unstructured meshes using complex variables},
  author={Anderson, W Kyle and Newman, James C and Whitfield, David L and Nielsen, Eric J},
  journal={AIAA journal},
  volume={39},
  number={1},
  pages={56--63},
  year={2001}
}

@article{squire1998using,
  title={Using complex variables to estimate derivatives of real functions},
  author={Squire, William and Trapp, George},
  journal={SIAM review},
  volume={40},
  number={1},
  pages={110--112},
  year={1998},
  publisher={SIAM}
}

@article{jameson1988aerodynamic,
  title={Aerodynamic design via control theory},
  author={Jameson, Antony},
  journal={Journal of scientific computing},
  volume={3},
  pages={233--260},
  year={1988},
  publisher={Springer}
}

@article{jameson2003aerodynamic,
  title={Aerodynamic shape optimization using the adjoint method},
  author={Jameson, Antony},
  journal={Lectures at the Von Karman Institute, Brussels},
  volume={6},
  year={2003}
}

@inproceedings{nadarajah2000comparison,
  title={A comparison of the continuous and discrete adjoint approach to automatic aerodynamic optimization},
  author={Nadarajah, Siva and Jameson, Antony},
  booktitle={38th Aerospace sciences meeting and exhibit},
  pages={667},
  year={2000}
}

@article{nadarajah2007optimum,
  title={Optimum shape design for unsteady flows with time-accurate continuous and discrete adjoint method},
  author={Nadarajah, Siva K and Jameson, Antony},
  journal={AIAA journal},
  volume={45},
  number={7},
  pages={1478--1491},
  year={2007}
}

@inproceedings{nadarajah2001studies,
  title={Studies of the continuous and discrete adjoint approaches to viscous automatic aerodynamic shape optimization},
  author={Nadarajah, Siva and Jameson, Antony},
  booktitle={15th AIAA computational fluid dynamics conference},
  pages={2530},
  year={2001}
}


@article{goldberg1989genetic,
  title={Genetic Algorithms in Search, Optimization, and Machine Learning, lU: ading},
  author={Goldberg, DE},
  journal={MA: Addison W.. ley},
  year={1989}
}

@article{jeong2018optimization,
  title={Optimization of thick wind turbine airfoils using a genetic algorithm},
  author={Jeong, Jae-Ho and Kim, Soo-Hyun},
  journal={Journal of Mechanical Science and Technology},
  volume={32},
  pages={3191--3199},
  year={2018},
  publisher={Springer}
}

@inproceedings{kennedy1995particle,
  title={Particle swarm optimization},
  author={Kennedy, James and Eberhart, Russell},
  booktitle={Proceedings of ICNN'95-international conference on neural networks},
  volume={4},
  pages={1942--1948},
  year={1995},
  organization={ieee}
}

@article{ray2004swarm,
  title={Swarm algorithm for single-and multiobjective airfoil design optimization},
  author={Ray, T and Tsai, HM},
  journal={AIAA journal},
  volume={42},
  number={2},
  pages={366--373},
  year={2004}
}

@article{wang2001aerodynamic,
  title={Aerodynamic shape optimization using computational fluid dynamics and parallel simulated annealing algorithms},
  author={Wang, Xiaojian and Damodaran, Murali},
  journal={AIAA journal},
  volume={39},
  number={8},
  pages={1500--1508},
  year={2001}
}

@article{rogalsky2000differential,
  title={Differential evolution in aerodynamic optimization},
  author={Rogalsky, T and Kocabiyik, S and Derksen, RW},
  journal={Canadian Aeronautics and Space Journal},
  volume={46},
  number={4},
  pages={183--190},
  year={2000},
  publisher={Citeseer}
}

@article{tandis2017inverse,
  title={Inverse design of airfoils via an intelligent hybrid optimization technique},
  author={Tandis, Emad and Assareh, Ehsanolah},
  journal={Engineering with Computers},
  volume={33},
  number={3},
  pages={361--374},
  year={2017},
  publisher={Springer}
}

@article{queipo2005surrogate,
  title={Surrogate-based analysis and optimization},
  author={Queipo, Nestor V and Haftka, Raphael T and Shyy, Wei and Goel, Tushar and Vaidyanathan, Rajkumar and Tucker, P Kevin},
  journal={Progress in aerospace sciences},
  volume={41},
  number={1},
  pages={1--28},
  year={2005},
  publisher={Elsevier}
}

@article{forrester2009recent,
  title={Recent advances in surrogate-based optimization},
  author={Forrester, Alexander IJ and Keane, Andy J},
  journal={Progress in aerospace sciences},
  volume={45},
  number={1-3},
  pages={50--79},
  year={2009},
  publisher={Elsevier}
}

@article{li2022machine,
  title={Machine learning in aerodynamic shape optimization},
  author={Li, Jichao and Du, Xiaosong and Martins, Joaquim RRA},
  journal={Progress in Aerospace Sciences},
  volume={134},
  pages={100849},
  year={2022},
  publisher={Elsevier}
}


@inproceedings{sripawadkul2010comparison,
  title={A comparison of airfoil shape parameterization techniques for early design optimization},
  author={Sripawadkul, Vis and Padulo, Mattia and Guenov, Marin},
  booktitle={13th AIAA/ISSMO multidisciplinary analysis optimization conference},
  pages={9050},
  year={2010}
}


@article{masters2017geometric,
  title={Geometric comparison of aerofoil shape parameterization methods},
  author={Masters, Dominic A and Taylor, Nigel J and Rendall, TCS and Allen, Christian B and Poole, Daniel J},
  journal={AIAA journal},
  volume={55},
  number={5},
  pages={1575--1589},
  year={2017},
  publisher={American Institute of Aeronautics and Astronautics}
}

@misc{朱心雄2000自由曲线曲面造型技术,
  title={自由曲线曲面造型技术},
  author={朱心雄 and others},
  year={2000},
  publisher={北京: 科学出版社}
}


@inproceedings{kulfan2006fundamental,
  title={" Fundamental" parameteric geometry representations for aircraft component shapes},
  author={Kulfan, Brenda and Bussoletti, John},
  booktitle={11th AIAA/ISSMO multidisciplinary analysis and optimization conference},
  pages={6948},
  year={2006}
}


@article{kulfan2008universal,
  title={Universal parametric geometry representation method},
  author={Kulfan, Brenda M},
  journal={Journal of aircraft},
  volume={45},
  number={1},
  pages={142--158},
  year={2008}
}


@misc{kulfan2009modification,
  title={Modification of CST airfoil representation methodology},
  author={Kulfan, BM},
  journal={2020-09-01]. https:∥ brendakulfan. com/docs/CST8. pdf},
  year={2009}
}

@incollection{sobieczky1999parametric,
  title={Parametric airfoils and wings},
  author={Sobieczky, Helmut},
  booktitle={Recent development of aerodynamic design methodologies: inverse design and optimization},
  pages={71--87},
  year={1999},
  publisher={Springer}
}


@inproceedings{toal2008geometric,
  title={Geometric filtration using POD for aerodynamic design optimization},
  author={Toal, David and Bressloff, Neil and Keane, Andy},
  booktitle={26th AIAA Applied Aerodynamics Conference},
  pages={6584},
  year={2008}
}


@article{toal2010geometric,
  title={Geometric filtration using proper orthogonal decomposition for aerodynamic design optimization},
  author={Toal, David JJ and Bressloff, Neil W and Keane, Andy J and Holden, Carren ME},
  journal={AIAA journal},
  volume={48},
  number={5},
  pages={916--928},
  year={2010}
}


@article{hicks1978wing,
  title={Wing design by numerical optimization},
  author={Hicks, Raymond M and Henne, Preston A},
  journal={Journal of aircraft},
  volume={15},
  number={7},
  pages={407--412},
  year={1978}
}


@article{sederberg1992free,
  title={Free-form deformation of solid geometric models},
  author={Sederberg, TW},
  journal={Computer Graphics (SIGGRAPH)},
  volume={26},
  pages={151},
  year={1992}
}

@article{buhmann2000radial,
  title={Radial basis functions},
  author={Buhmann, Martin Dietrich},
  journal={Acta numerica},
  volume={9},
  pages={1--38},
  year={2000},
  publisher={Cambridge university press}
}

@article{何磊2020基于深度学习的翼型反设计方法,
  title={基于深度学习的翼型反设计方法},
  author={何磊 and 钱炜祺 and 刘滔},
  journal={航空动力学报},
  volume={35},
  number={9},
  pages={1909--1917},
  year={2020},
  publisher={航空动力学报}
}


@article{selig2016uiuc,
  title={UIUC airfoil coordinates database},
  author={Selig, Michael},
  journal={UIUC Applied Aerodynamics Group, Urbana, IL, accessed May},
  volume={18},
  pages={2016},
  year={2016}
}

@article{chen2020airfoil,
  title={Airfoil design parameterization and optimization using b{\'e}zier generative adversarial networks},
  author={Chen, Wei and Chiu, Kevin and Fuge, Mark D},
  journal={AIAA journal},
  volume={58},
  number={11},
  pages={4723--4735},
  year={2020},
  publisher={American Institute of Aeronautics and Astronautics}
}

@inproceedings{yilmaz2018deep,
  title={A deep learning approach to an airfoil inverse design problem},
  author={Yilmaz, Emre and German, Brian},
  booktitle={2018 multidisciplinary analysis and optimization conference},
  pages={3420},
  year={2018}
}


@article{胡添元2007基于,
  title={基于 CATIA 二次开发的飞翼外形参数化建模},
  author={胡添元 and 余雄庆},
  journal={飞机设计},
  volume={27},
  number={6},
  pages={10--13},
  year={2007}
}

@inproceedings{kulfan2006fundamental,
  title={" Fundamental" parameteric geometry representations for aircraft component shapes},
  author={Kulfan, Brenda and Bussoletti, John},
  booktitle={11th AIAA/ISSMO multidisciplinary analysis and optimization conference},
  pages={6948},
  year={2006}
}

@article{goodfellow2020generative,
  title={Generative adversarial networks},
  author={Goodfellow, Ian and Pouget-Abadie, Jean and Mirza, Mehdi and Xu, Bing and Warde-Farley, David and Ozair, Sherjil and Courville, Aaron and Bengio, Yoshua},
  journal={Communications of the ACM},
  volume={63},
  number={11},
  pages={139--144},
  year={2020},
  publisher={ACM New York, NY, USA}
}

@article{mirza2014conditional,
  title={Conditional generative adversarial nets},
  author={Mirza, Mehdi and Osindero, Simon},
  journal={arXiv preprint arXiv:1411.1784},
  year={2014}
}


@inproceedings{kennedy1995particle,
  title={Particle swarm optimization},
  author={Kennedy, James and Eberhart, Russell},
  booktitle={Proceedings of ICNN'95-international conference on neural networks},
  volume={4},
  pages={1942--1948},
  year={1995},
  organization={ieee}
}

@inproceedings{shi1998modified,
  title={A modified particle swarm optimizer},
  author={Shi, Yuhui and Eberhart, Russell},
  booktitle={1998 IEEE international conference on evolutionary computation proceedings. IEEE world congress on computational intelligence (Cat. No. 98TH8360)},
  pages={69--73},
  year={1998},
  organization={Ieee}
}

@inproceedings{shi2001fuzzy,
  title={Fuzzy adaptive particle swarm optimization},
  author={Shi, Yuhui and Eberhart, Russell C},
  booktitle={Proceedings of the 2001 congress on evolutionary computation (IEEE Cat. No. 01TH8546)},
  volume={1},
  pages={101--106},
  year={2001},
  organization={IEEE}
}

@article{chatterjee2006nonlinear,
  title={Nonlinear inertia weight variation for dynamic adaptation in particle swarm optimization},
  author={Chatterjee, Amitava and Siarry, Patrick},
  journal={Computers \& operations research},
  volume={33},
  number={3},
  pages={859--871},
  year={2006},
  publisher={Elsevier}
}

@article{陈进2012改进的粒子群算法在翼型优化设计中的应用,
  title={改进的粒子群算法在翼型优化设计中的应用},
  author={陈进 and 汪泉 and 李松林 and 郭小峰},
  journal={重庆大学学报},
  volume={35},
  number={11},
  pages={40--46},
  year={2012}
}


@inproceedings{isola2017image,
  title={Image-to-image translation with conditional adversarial networks},
  author={Isola, Phillip and Zhu, Jun-Yan and Zhou, Tinghui and Efros, Alexei A},
  booktitle={Proceedings of the IEEE conference on computer vision and pattern recognition},
  pages={1125--1134},
  year={2017}
}


@article{李彦冬2016卷积神经网络研究综述,
  title={卷积神经网络研究综述},
  author={李彦冬 and 郝宗波 and 雷航},
  journal={计算机应用},
  volume={36},
  number={9},
  pages={2508--2515},
  year={2016}
}

@article{lecun1998gradient,
  title={Gradient-based learning applied to document recognition},
  author={LeCun, Yann and Bottou, L{\'e}on and Bengio, Yoshua and Haffner, Patrick},
  journal={Proceedings of the IEEE},
  volume={86},
  number={11},
  pages={2278--2324},
  year={1998},
  publisher={Ieee}
}

@article{陈海2018基于深度学习的翼型气动系数预测,
  title={基于深度学习的翼型气动系数预测},
  author={陈海 and 钱炜祺 and 何磊},
  journal={空气动力学学报},
  volume={36},
  number={2},
  pages={294--299},
  year={2018}
}

@inproceedings{glorot2010understanding,
  title={Understanding the difficulty of training deep feedforward neural networks},
  author={Glorot, Xavier and Bengio, Yoshua},
  booktitle={Proceedings of the thirteenth international conference on artificial intelligence and statistics},
  pages={249--256},
  year={2010},
  organization={JMLR Workshop and Conference Proceedings}
}

@article{krizhevsky2012imagenet,
  title={Imagenet classification with deep convolutional neural networks},
  author={Krizhevsky, Alex and Sutskever, Ilya and Hinton, Geoffrey E},
  journal={Advances in neural information processing systems},
  volume={25},
  year={2012}
}

@inproceedings{ioffe2015batch,
  title={Batch normalization: Accelerating deep network training by reducing internal covariate shift},
  author={Ioffe, Sergey and Szegedy, Christian},
  booktitle={International conference on machine learning},
  pages={448--456},
  year={2015},
  organization={pmlr}
}